@article{lecun1998gradient,
  title={Gradient-based learning applied to document recognition},
  author={LeCun, Yann and Bottou, L{\'e}on and Bengio, Yoshua and Haffner, Patrick},
  journal={Proceedings of the IEEE},
  volume={86},
  number={11},
  pages={2278--2324},
  year={1998},
}

@article{bogaerts2020graph,
  title={A graph CNN-LSTM neural network for short and long-term traffic forecasting based on trajectory data},
  author={Bogaerts, Toon and Masegosa, Antonio D and Angarita-Zapata, Juan S and Onieva, Enrique and Hellinckx, Peter},
  journal={Transportation Research Part C: Emerging Technologies},
  volume={112},
  pages={62--77},
  year={2020},
  publisher={Elsevier}
}

@ARTICLE{PCNN,  
author={Chen, Meng and Yu, Xiaohui and Liu, Yang},  
journal={IEEE Transactions on Intelligent Transportation Systems},   
title={PCNN: Deep Convolutional Networks for Short-Term Traffic Congestion Prediction},  year={2018},  
volume={19},  
number={11},  
pages={3550-3559},  
doi={10.1109/TITS.2018.2835523}
}